@misc{chebi,
  howpublished = {\url{https://www.ebi.ac.uk/chebi/}},
  title        = {ChEBI}
}

@misc{chebi-bioportal,
  howpublished = {\url{https://bioportal.bioontology.org/ontologies/CHEBI}},
  title        = {ChEBI on BioPortal}
}

@misc{drugbank,
  howpublished = {\url{https://go.drugbank.com/}},
  title        = {DrugBank}
}

@misc{chembl,
  howpublished = {\url{https://www.ebi.ac.uk/chembl/}},
  title        = {ChEMBL}
}

@misc{nif,
  howpublished = {\url{https://neuinfo.org/}},
  title        = {Neuroscience Information Framework}
}